% Encoding: UTF-8

@Book{MR0223432,
  title      = {Homotopical algebra},
  publisher  = {Springer-Verlag, Berlin-New York},
  year       = {1967},
  author     = {Quillen, Daniel G.},
  series     = {Lecture Notes in Mathematics, No. 43},
  mrclass    = {18.20 (55.00)},
  mrnumber   = {0223432},
  mrreviewer = {A. K. Bousfield},
  pages      = {iv+156 pp. (not consecutively paged)},
}

@Book{MR1650134,
  title      = {Model categories},
  publisher  = {American Mathematical Society, Providence, RI},
  year       = {1999},
  author     = {Hovey, Mark},
  volume     = {63},
  series     = {Mathematical Surveys and Monographs},
  isbn       = {0-8218-1359-5},
  mrclass    = {55U35 (18D15 18G30 18G55)},
  mrnumber   = {1650134},
  mrreviewer = {Teimuraz Pirashvili},
  pages      = {xii+209},
}

@Article{MR1780498,
  author     = {Beke, Tibor},
  title      = {Sheafifiable homotopy model categories},
  journal    = {Math. Proc. Cambridge Philos. Soc.},
  year       = {2000},
  volume     = {129},
  number     = {3},
  pages      = {447--475},
  issn       = {0305-0041},
  doi        = {10.1017/S0305004100004722},
  fjournal   = {Mathematical Proceedings of the Cambridge Philosophical Society},
  mrclass    = {18D15 (03C95 18F20 18G55)},
  mrnumber   = {1780498},
  mrreviewer = {Masahiko Niwa},
  url        = {http://dx.doi.org/10.1017/S0305004100004722},
}

@Article{MR920944,
  author     = {Street, Ross},
  title      = {The algebra of oriented simplexes},
  journal    = {J. Pure Appl. Algebra},
  year       = {1987},
  volume     = {49},
  number     = {3},
  pages      = {283--335},
  issn       = {0022-4049},
  doi        = {10.1016/0022-4049(87)90137-X},
  fjournal   = {Journal of Pure and Applied Algebra},
  mrclass    = {18G50 (18D05 18G55)},
  mrnumber   = {920944},
  mrreviewer = {Timothy Porter},
  url        = {http://dx.doi.org/10.1016/0022-4049(87)90137-X},
}

@Article{MR2628809,
  author   = {Lafont, Yves and M\'etayer, Fran\c{c}ois and Worytkiewicz, Krzysztof},
  title    = {A folk model structure on omega-cat},
  journal  = {Adv. Math.},
  year     = {2010},
  volume   = {224},
  number   = {3},
  pages    = {1183--1231},
  issn     = {0001-8708},
  doi      = {10.1016/j.aim.2010.01.007},
  fjournal = {Advances in Mathematics},
  mrclass  = {18D05 (18G55)},
  mrnumber = {2628809},
  url      = {http://dx.doi.org/10.1016/j.aim.2010.01.007},
}

@Comment{jabref-meta: databaseType:bibtex;}
